@BOOK{AubanellBensenyDelshams91,
  author = {Aubanell, A. and Benseny, A. and Delshams, A.},
  title = {Eines {B}{\`{a}}siques de {C}{\`{a}}lcul {N}um{\`{e}}ric},
  publisher = {Universitat Aut{\`{o}}noma de Barcelona},
  year = {1991},
}

@book{Barrow1997,
  title={Poincare and the {T}hree {B}ody {P}roblem},
  author={Barrow-Green, J.},
  series={History of mathematics},
  year={1997},
  publisher={American Mathematical Society}
}

@BOOK{Bonetelal94,
  author = {Bonet, C. and Jorba, À. and M.-Seara, T. and Masdemont, J.
            and Susín, A. and Valencia, M.},
  title = {C\`{a}lcul {N}um\`{e}ric},
  publisher = {Edicions UPC},
  series = {Aula Te{\`{o}}rica},
  number = {23},
  address = {Barcelona},
  year = {1994},
}

@article {CastellaJ00,
    AUTHOR = {Castell\`a, Enric and Jorba, \`Angel},
     TITLE = {On the vertical families of two-dimensional tori near the
              triangular points of the bicircular problem},
   JOURNAL = {Celestial Mech. Dynam. Astronom.},
  FJOURNAL = {Celestial Mechanics \& Dynamical Astronomy. An International
              Journal of Space Dynamics},
    VOLUME = {76},
      YEAR = {2000},
    NUMBER = {1},
     PAGES = {35--54},
      ISSN = {0923-2958},
   MRCLASS = {70F15},
  MRNUMBER = {1777338},
MRREVIEWER = {Massimiliano Guzzo},
       DOI = {10.1023/A:1008321605028},
       URL = {https://doi.org/10.1023/A:1008321605028},
}

@ARTICLE{CastellaJ00,
  author = {Castell{\`{a}}, E. and Jorba, {\`{A}}},
  title = {On the vertical families of two-dimensional tori near the 
           triangular points of the bicircular problem},
    
  journal = {Celestial Mech. Dynam. Astronom.},
  volume = {76},
  number = {1},
  pages = {35--54}, 
  year = {2000},
}

@book {DahlquistBjorck74,
    AUTHOR = {Bj\"{o}rck, \.{A}ke and Dahlquist, Germund},
     TITLE = {Numerical methods},
      NOTE = {Translated from the Swedish by Ned Anderson,
              Prentice-Hall Series in Automatic Computation},
 PUBLISHER = {Prentice-Hall, Inc., Englewood Cliffs, N.J.},
      YEAR = {1974},
     PAGES = {xviii+573},
   MRCLASS = {65-02},
  MRNUMBER = {0368379},
}

@book {DahlquistBjorck08,
    AUTHOR = {Dahlquist, Germund and Bj\"{o}rck, \AA ke},
     TITLE = {Numerical methods in scientific computing. {V}ol. {I}},
 PUBLISHER = {Society for Industrial and Applied Mathematics (SIAM),
              Philadelphia, PA},
      YEAR = {2008},
     PAGES = {xxviii+717},
      ISBN = {978-0-898716-44-3},
   MRCLASS = {65-01},
  MRNUMBER = {2412832},
MRREVIEWER = {Ian Gladwell},
       DOI = {10.1137/1.9780898717785},
       URL = {https://doi.org/10.1137/1.9780898717785},
}

@book {Demmel97,
    AUTHOR = {Demmel, James W.},
     TITLE = {Applied numerical linear algebra},
 PUBLISHER = {Society for Industrial and Applied Mathematics (SIAM),
              Philadelphia, PA},
      YEAR = {1997},
     PAGES = {xii+419},
      ISBN = {0-89871-389-7},
   MRCLASS = {65-01 (65Fxx)},
  MRNUMBER = {1463942},
MRREVIEWER = {William W. Hager},
       DOI = {10.1137/1.9781611971446},
       URL = {https://doi.org/10.1137/1.9781611971446},
      NOTE = {Disponible en 
             \href{http://bibliotecnica.upc.edu/cercador/?q=content/applied-numerical-linear-algebra-0}{bibliotecnica.upc.edu}}
}

@UNPUBLISHED{Doedel2010,
  author = {Doedel, E.},
  title = {Lecture {N}otes on {N}umerical {A}nalysis of {N}umerical {A}nalysis
  of {N}onlinear {E}quations},
  year = {2010},
  otherinfo = {Publicat online en  
    \href{http://indy.cs.concordia.ca/auto/notes.pdf}
        {http://indy.cs.concordia.ca/auto/notes.pdf}}
}

@ARTICLE{Fernandez2004,
  author = {Fern{\'{a}}ndez, P.},
  title = {El secreto de {G}oogle y el {\'{A}}lgebra lineal},
  journal = {Bol. de la Soc. Esp. de Matem{\'{a}}tica {A}plicada, S$\vec{\rm e}$MA},
  year = {2004},
  volume = {30},
  pages = {115--141},
  otherinfo = {Article guanyador del 
          ``V Premio S$\vec{\rm e}$MA a 
          la Divulgaci\'on en Matem\'atica Aplicada'' l'any 2004. 
	  Es pot descarregar a l'adreça web: 
          \href{http://www.uam.es/personal_pdi/ciencias/gallardo/fernandez1.pdf}
               {http://www.uam.es/personal_pdi/ciencias/gallardo/fernandez1.pdf}} 
}

@book{GolnaraghiBL1999,
  title={Solving {S}olid {M}echanics {P}roblems with {MATLAB} 5: 
         {F}or {U}se with the {S}tudent {E}dition of {MATLAB}
         {V}5.0\/5.3},
  author={Golnaraghi, M.F. and Boulahbal, D. and Leask, R.L.},
  isbn={9780130215376},
  lccn={99010487},
  url={https://books.google.es/books?id=G-oCAAAACAAJ},
  year={1999},
  publisher={Prentice Hall}
}

@misc{Johnson2022,
    author = {Johnson, Erik},
    title = {\texttt{arrow}
    \href{https://www.mathworks.com/matlabcentral/fileexchange/278-arrow}
    {(https://www.mathworks.com/matlabcentral/fileexchange/278-arrow)}},
    publisher = {MATLAB Central File Exchange},
    year = 2022,
    note = {Retrieved No\-vem\-ber 9, 2022}
     
}

@article{Jorba01,
    AUTHOR = {Jorba, \`Angel},
     TITLE = {Numerical computation of the normal behaviour of invariant
              curves of {$n$}-dimensional maps},
   JOURNAL = {Nonlinearity},
  FJOURNAL = {Nonlinearity},
    VOLUME = {14},
      YEAR = 2001,
    NUMBER = {5},
     PAGES = {943--976},
      ISSN = {0951-7715},
   MRCLASS = {37M20 (37J40)},
  MRNUMBER = {1862806},
MRREVIEWER = {Heinz Han\ss mann},
       DOI = {10.1088/0951-7715/14/5/303},
       URL = {https://doi.org/10.1088/0951-7715/14/5/303},
}

@article {JorbaZou04,
    AUTHOR = {Jorba, \`Angel and Zou, Maorong},
     TITLE = {A software package for the numerical integration of {ODE}s by
              means of high-order {T}aylor methods},
   JOURNAL = {Experiment. Math.},
  FJOURNAL = {Experimental Mathematics},
    VOLUME = {14},
      YEAR = {2005},
    NUMBER = {1},
     PAGES = {99--117},
      ISSN = {1058-6458},
   MRCLASS = {65L05 (65Y15 70-08)},
  MRNUMBER = {2146523},
MRREVIEWER = {Luis R\'{a}ndez},
       URL = {http://projecteuclid.org/euclid.em/1120145574},
}

@inproceedings {Keller77,
    AUTHOR = {Keller, G.},
     TITLE = {Numerical solution of bifurcation problems in nonlinear
              eigenvalue problems},
 BOOKTITLE = {Difference and variational-difference methods ({P}roc.
              {S}econd {S}em. {M}ethods of {N}umer. {A}ppl. {M}ath.,
              {N}ovosibirsk, 1977) ({R}ussian)},
     PAGES = {6--36},
 PUBLISHER = {Akad. Nauk SSSR Sibirsk. Otdel., Vychisl. Tsentr, Novosibirsk},
      YEAR = {1977},
   MRCLASS = {47H15 (58E07 65J15)},
  MRNUMBER = {558918},
MRREVIEWER = {Christian Fenske},
}

@book {Kuznetsov2004,
    AUTHOR = {Kuznetsov, Yuri A.},
     TITLE = {Elements of {A}pplied {B}ifurcation {T}heory},
    SERIES = {Applied Mathematical Sciences},
    VOLUME = {112},
   EDITION = {Third},
 PUBLISHER = {Springer-Verlag, New York},
      YEAR = {2004},
     PAGES = {xxii+631},
      ISBN = {0-387-21906-4},
   MRCLASS = {37Gxx (34-04 34C23 37-04 37M20)},
  MRNUMBER = {2071006},
}

@article {LahiriBRS93,
    AUTHOR = {Lahiri, A. and Bhowal, A. and Roy, T. K. and Sevryuk, M. B.},
     TITLE = {Stability of invariant curves in four-dimensional reversible
              mappings near {$1:1$} resonance},
   JOURNAL = {Phys. D},
  FJOURNAL = {Physica D. Nonlinear Phenomena},
    VOLUME = {63},
      YEAR = {1993},
    NUMBER = {1-2},
     PAGES = {99--116},
      ISSN = {0167-2789},
   MRCLASS = {58F14 (34C23)},
  MRNUMBER = {1208483},
MRREVIEWER = {Carmen Chicone},
       DOI = {10.1016/0167-2789(93)90149-U},
       URL = {https://doi.org/10.1016/0167-2789(93)90149-U},
}

@book{MeyerO2017,
  author = {Meyer, Kenneth R. and Offin, Daniel C.},
  title = {Introduction to {H}amiltonian {D}ynamical {S}ystems and the
              {N}-{B}ody {P}roblem},
  series = {Applied Mathematical Sciences},
  volume = 90,
  edition = {Third},
  publisher = {Springer, Cham},
  year = 2017,
  pages = {xiii + 384},
  isbn = {978-3-319-53690-3; 978-3-319-53691-0},
  mrclass = {37J05 (37N05 70F10 70F15 70G45 70H05)},
  mrnumber = 3642697,
  doi = {10.1007/978-3-319-53691-0},
  url = {https://doi.org/10.1007/978-3-319-53691-0},
  pdf = {MeyerO2017.pdf}
}
@book {QuarteroniSaleri06,
    AUTHOR = {Quarteroni, Alfio and Saleri, Fausto},
     TITLE = {Scientific computing with {MATLAB} and {O}ctave},
    SERIES = {Texts in Computational Science and Engineering},
    VOLUME = {2},
   EDITION = {Second},
 PUBLISHER = {Springer-Verlag, Berlin},
      YEAR = {2006},
     PAGES = {xvi+318},
      ISBN = {978-3-540-32612-0; 3-540-32612-X},
   MRCLASS = {65-01},
  MRNUMBER = {2253397},
}

@article {SevryukL91,
    AUTHOR = {Sevryuk, M. B. and Lahiri, A.},
     TITLE = {Bifurcations of families of invariant curves in
              four-dimensional reversible mappings},
   JOURNAL = {Phys. Lett. A},
  FJOURNAL = {Physics Letters. A},
    VOLUME = {154},
      YEAR = {1991},
    NUMBER = {3-4},
     PAGES = {104--110},
      ISSN = {0375-9601},
   MRCLASS = {58F14 (58F36)},
  MRNUMBER = {1102367},
MRREVIEWER = {Weinian Zhang},
       DOI = {10.1016/0375-9601(91)90745-T},
       URL = {https://doi.org/10.1016/0375-9601(91)90745-T},
}

@book {StoerBulirsch,
    AUTHOR = {Stoer, J. and Bulirsch, R.},
     TITLE = {Introduction to numerical analysis},
    SERIES = {Texts in Applied Mathematics},
    VOLUME = {12},
   EDITION = {Third},
      NOTE = {Translated from the German by R. Bartels, W. Gautschi and C.
              Witzgall},
 PUBLISHER = {Springer-Verlag, New York},
      YEAR = {2002},
     PAGES = {xvi+744},
      ISBN = {0-387-95452-X},
   MRCLASS = {65-01},
  MRNUMBER = {1923481},
       DOI = {10.1007/978-0-387-21738-3},
       URL = {https://doi.org/10.1007/978-0-387-21738-3},
}

@INCOLLECTION{Simo90,
  author = {Sim{\'{o}}, C.},
  title = {On the {A}nalytical and {N}umerical {A}pproximation of {I}nvariant 
    {M}anifolds},
  booktitle = {Les {M}{\^{e}}thodes {M}odernes de la {M}ec{\'{a}}nique
    {C}{\'{e}}leste},
  publisher = {Editions Fronti{\`{e}}res},
  year = {1990},
  pages = {285--329},
  address = {Paris},
  editor = {D. Benest and C. Froeschl{\'{e}}},
  volume = {<++>},
  number = {<++>},
  series = {<++>},
  type = {<++>},
  edition = {<++>},
  month = {<++>},
  note = {Course given at Goutelas, France, 1989)},
  otherinfo = {Disponible en \href{http://www.maia.ub.es/dsg/2004/simo0401.ps.gz}
    {simo0401.ps.gz}}
}

@book{Szebehely67,
     title = {Theory of Orbits, the Restricted Problem of Three Bodies},
    author = {Szebehely, V.G.},
      year = {1967},
 publisher = {Academic Press},
   address = {New York}
}

@misc{Wikipedia,
    author = "{Wikipedia contributors}",
    title = "Singular value decomposition --- {Wikipedia}{,} The Free Encyclopedia",
    year = "2020",
    howpublished = "\url{https://en.wikipedia.org/w/index.php?title=Singular_value_decomposition&oldid=980016135}",
    note = "[Online; accessed 24-September-2020]"
  }
